%% This BibTeX bibliography file was created using BibDesk.
%% http://bibdesk.sourceforge.net/

%% Created for Joshua Zeltser at 2017-06-15 15:54:23 +0100 


%% Saved with string encoding Unicode (UTF-8) 



@article{gentzen,
	Author = {Gentzen, G.},
	Date-Added = {2017-06-15 14:51:34 +0000},
	Date-Modified = {2017-06-15 14:52:43 +0000},
	Journal = {Mathematische Zeitschrift},
	Keywords = {foundations, philosophy, logic},
	Pages = {176-210},
	Title = {Untersuchungen {\"u}ber das logische Schlie{\ss}en I},
	Url = {http://eudml.org/doc/168546},
	Volume = {39},
	Year = {1935},
	Bdsk-Url-1 = {http://eudml.org/doc/168546}}

@conference{ndAlgo,
	Author = {Bolotov, Alexander and Bocharov, Vyacheslav and Gorchakov, Alexander and Shangin, Vasilyi},
	Booktitle = {IICAI},
	Date-Added = {2017-06-15 09:30:01 +0000},
	Date-Modified = {2017-06-15 14:00:05 +0000},
	Pages = {1292--1311},
	Title = {Automated First Order Natural Deduction.},
	Year = {2005}}

@article{danNorth,
	Author = {Dan North},
	Date-Added = {2017-06-15 09:09:20 +0000},
	Date-Modified = {2017-06-15 09:11:14 +0000},
	Journal = {Better Software Magazine},
	Title = {Introducing BDD},
	Url = {https://dannorth.net/introducing-bdd/},
	Year = {2006},
	Bdsk-Url-1 = {https://dannorth.net/introducing-bdd/}}

@booklet{SED,
	Address = {Imperial College London},
	Author = {Dr Robert Chatley},
	Date-Added = {2017-06-15 09:08:09 +0000},
	Date-Modified = {2017-06-15 09:09:09 +0000},
	Howpublished = {Course Notes},
	Title = {Software Engineering Design Course Notes},
	Year = {2015}}

@url{jBrains,
	Author = {J. B. Rainsberger},
	Date-Added = {2017-06-15 09:06:59 +0000},
	Date-Modified = {2017-06-15 09:22:50 +0000},
	Keywords = {Four Elements of Simple Design},
	Lastchecked = {15/6/2017},
	Title = {The Four Elements of Simple Design},
	Url = {http://blog.jbrains.ca/permalink/the-four-elements-of-simple-design},
	Year = {2009},
	Bdsk-Url-1 = {http://blog.jbrains.ca/permalink/the-four-elements-of-simple-design}}

@url{surveyCrest,
	Date-Added = {2017-06-15 09:06:03 +0000},
	Date-Modified = {2017-06-15 09:21:27 +0000},
	Keywords = {SurveyCrest, Free online survey creator},
	Lastchecked = {15/6/2017},
	Title = {SurveyCrest},
	Url = {https://www.surveycrest.com/},
	Bdsk-Url-1 = {https://www.surveycrest.com/}}

@book{ndBook,
	Author = {Jim Woodcock and Martin Loomes},
	Date-Added = {2017-06-15 09:01:53 +0000},
	Date-Modified = {2017-06-15 09:03:14 +0000},
	Publisher = {Pitman Publishing},
	Title = {Software Engineering Mathematics},
	Year = {1989}}

@url{pandora,
	Author = {Imperial College Computing},
	Date-Added = {2017-06-15 08:59:48 +0000},
	Date-Modified = {2017-06-15 09:21:01 +0000},
	Keywords = {Pandora (Proof Assistant for Natural Deduction using Organised Rectangular Areas) is a learning support tool designed to guide the construction of natural deduction proofs.},
	Lastchecked = {15/6/2017},
	Title = {Pandora},
	Url = {https://www.doc.ic.ac.uk/pandora/},
	Bdsk-Url-1 = {https://www.doc.ic.ac.uk/pandora/}}
